@BOOK {kurtbittnerianspence2002,
    author    = "Kurt Bittner, Ian Spence",
    title     = "Use Case Modeling",
    publisher = "Addison-Wesley Professional",
    year      = "2002"
}

@ONLINE {drawio,
    title = "draw.io",
    url   = "https://www.draw.io/"
}

@ONLINE {ibm2011,
    author = "IBM",
    title  = "Rational Unified Process - Best Pratices for Software Development Teams",
    month  = "nov",
    year   = "2011",
    url    = "https://www.ibm.com/developerworks/rational/library/content/03July/1000/1251/1251_bestpractices_TP026B.pdf"
}

@BOOK {jonathanrasmusson,
    author    = "Jonathan Rasmusson",
    title     = "The Agile Samurai: How Agile Masters Deliver Great Software",
    publisher = "The Pragmatic Programmers",
    year      = "2010",
    edition   = "first"
}